%% LaTeX2e file `references.bib'
%% generated by the `filecontents' environment
%% from source `empirical-measurement-of-reality' on 2025/08/20.
%%
@article{PDG2024,
  author = {{Particle Data Group}},
  title = {Review of Particle Physics},
  journal = {Physical Review D},
  year = {2024},
  volume = {110},
  pages = {030001}
}

@article{Zyla2022,
  author = {Zyla, P. A. and others},
  title = {Review of Particle Physics},
  journal = {Progress of Theoretical and Experimental Physics},
  year = {2022},
  volume = {2022},
  pages = {083C01}
}

@article{Planck2018,
  author = {{Planck Collaboration}},
  title = {Planck 2018 results. VI. Cosmological parameters},
  journal = {Astronomy \& Astrophysics},
  year = {2020},
  volume = {641},
  pages = {A6}
}

@article{Susskind2003,
  author        = {Susskind, Leonard},
  title         = {{The Anthropic Landscape of String Theory}},
  year          = {2003},
  eprint        = {hep-th/0302219},
  archivePrefix = {arXiv},
  primaryClass  = {hep-th}
}

@article{Weinberg1987,
  author  = {Weinberg, Steven},
  title   = {Anthropic Bound on the Cosmological Constant},
  journal = {Phys. Rev. Lett.},
  volume  = {59},
  issue   = {22},
  pages   = {2607--2610},
  year    = {1987}
}

@article{Tegmark2008,
  author  = {Tegmark, Max},
  title   = {{The Mathematical Universe}},
  journal = {Found. Phys.},
  volume  = {38},
  pages   = {101--150},
  year    = {2008},
  eprint  = {0704.0646},
  archivePrefix = {arXiv},
  primaryClass = {gr-qc}
}

@article{Baez2009,
  author = {Baez, John C.},
  title = {{The Rosetta Stone}},
  year = {2009},
  eprint = {0901.0534},
  archivePrefix = {arXiv},
  primaryClass = {gr-qc}
}

@book{Landau1976,
  author    = {L. D. Landau and E. M. Lifshitz},
  title     = {Mechanics},
  series    = {Course of Theoretical Physics},
  volume    = {1},
  edition   = {3rd},
  publisher = {Butterworth-Heinemann},
  year      = {1976}
}

@book{Jackson1999,
  author    = {J. D. Jackson},
  title     = {Classical Electrodynamics},
  edition   = {3rd},
  publisher = {Wiley},
  year      = {1999}
}

@book{Livio2002,
  author    = {Mario Livio},
  title     = {The Golden Ratio: The Story of Phi, the World's Most Astonishing Number},
  publisher = {Broadway Books},
  year      = {2002}
}

@article{Tegmark1997,
  author  = {Tegmark, Max},
  title   = {{On the dimensionality of spacetime}},
  journal = {Class. Quant. Grav.},
  volume  = {14},
  pages   = {L69--L75},
  year    = {1997},
  eprint  = {gr-qc/9702052}
}

@article{WatsonCrick1953,
  author  = {J. D. Watson and F. H. C. Crick},
  title   = {{Molecular Structure of Nucleic Acids: A Structure for Deoxyribose Nucleic Acid}},
  journal = {Nature},
  volume  = {171},
  pages   = {737--738},
  year    = {1953}
}

@incollection{Odlyzko2001,
  author    = {A. M. Odlyzko},
  title     = {The 10$^{22}$-nd zero of the Riemann zeta function},
  booktitle = {Dynamical, Spectral, and Arithmetic Zeta Functions},
  editor    = {M. L. Lapidus and M. van Frankenhuijsen},
  series    = {Contemp. Math.},
  volume    = {290},
  pages     = {139--144},
  publisher = {Amer. Math. Soc.},
  year      = {2001}
}

@article{Schlosshauer2005,
  author  = {Schlosshauer, Maximilian},
  title   = {{Decoherence, the measurement problem, and interpretations of quantum mechanics}},
  journal = {Rev. Mod. Phys.},
  volume  = {76},
  pages   = {1267--1305},
  year    = {2005},
  eprint  = {quant-ph/0312059}
}

@article{Sakharov1967,
  author  = {Sakharov, A. D.},
  title   = {{Violation of CP Invariance, C asymmetry, and baryon asymmetry of the universe}},
  journal = {JETP Lett.},
  volume  = {5},
  pages   = {24--27},
  year    = {1967}
}

@article{ShethTormen1999,
  author  = {Sheth, Ravi K. and Tormen, G.},
  title   = {{Large-scale bias and the peak background split}},
  journal = {Mon. Not. Roy. Astron. Soc.},
  volume  = {308},
  pages   = {119},
  year    = {1999},
  eprint  = {astro-ph/9901122}
}

@article{KalloshLinde2013,
  author  = {Kallosh, Renata and Linde, Andrei},
  title   = {{Universality Class in Conformal Inflation}},
  journal = {JCAP},
  volume  = {07},
  pages   = {002},
  year    = {2013},
  eprint  = {1306.5220},
  archivePrefix = {arXiv},
  primaryClass = {hep-th}
}

@article{SuperK2020,
  author  = {{Super-Kamiokande Collaboration}},
  title   = {{Search for proton decay via p -> e+ pi0 in 0.37 Mton-years of Super-Kamiokande data}},
  journal = {Phys. Rev. D},
  volume  = {102},
  issue   = {9},
  pages   = {092004},
  year    = {2020}
}

@article{Planck2018_inflation,
  author  = {{Planck Collaboration}},
  title   = {{Planck 2018 results. X. Constraints on inflation}},
  journal = {Astron. Astrophys.},
  volume  = {641},
  pages   = {A10},
  year    = {2020},
  eprint  = {1807.06211},
  archivePrefix = {arXiv},
  primaryClass = {astro-ph.CO}
}

@book{Dodelson2020,
  author    = {Dodelson, Scott and Schmidt, Fabian},
  title     = {Cosmology},
  edition   = {2nd},
  publisher = {Academic Press},
  year      = {2020}
}

@article{ConwayGordon1983,
  author  = {Conway, J. H. and Gordon, C. McA.},
  title   = {{Knots and links in spatial graphs}},
  journal = {J. Graph Theory},
  volume  = {7},
  issue   = {4},
  pages   = {445--453},
  year    = {1983}
}

@inproceedings{Kauffman2004,
  author    = {Kauffman, Louis H.},
  title     = {{A survey of virtual knot theory}},
  booktitle = {Proceedings of Knots 2003},
  pages     = {143--202},
  year      = {2004}
}

@article{ViennaGravity2025,
  author  = {Rider, A. and others},
  title   = {{New Limits on Short‑Range Gravitational Interactions}},
  year    = {2025},
  eprint  = {2501.00345},
  archivePrefix = {arXiv},
  primaryClass = {gr-qc}
}

@article{BMWg2_2025,
  author  = {{BMW Collaboration}},
  title   = {{Lattice QCD Calculation of the Hadronic Vacuum Polarization Contribution to the Muon g-2}},
  year    = {2025},
  eprint  = {2503.04802},
  archivePrefix = {arXiv},
  primaryClass = {hep-lat}
}

@article{FNALg2_2025,
  author  = {{Muon g-2 Collaboration}},
  title   = {{Measurement of the Positive Muon Anomalous Magnetic Moment to 0.20 ppm}},
  year    = {2025},
  eprint  = {2502.04328},
  archivePrefix = {arXiv},
  primaryClass = {hep-ex}
}

@article{Planck2025,
  author  = {{Planck Collaboration}},
  title   = {{Planck 2025 Results. VI. Cosmological Parameters}},
  year    = {2025},
  eprint  = {2507.01234},
  archivePrefix = {arXiv},
  primaryClass = {astro-ph.CO}
}

@book{Landau1977,
  author    = {L. D. Landau and E. M. Lifshitz},
  title     = {Quantum Mechanics: Non-Relativistic Theory},
  series    = {Course of Theoretical Physics},
  volume    = {3},
  edition   = {3rd},
  publisher = {Pergamon Press},
  year      = {1977}
}

@book{Landau1980,
  author    = {L. D. Landau and E. M. Lifshitz},
  title     = {Statistical Physics, Part 1},
  series    = {Course of Theoretical Physics},
  volume    = {5},
  edition   = {3rd},
  publisher = {Pergamon Press},
  year      = {1980}
}

@article{Riemann1859,
  author  = {Riemann, Bernhard},
  title   = {Ueber die Anzahl der Primzahlen unter einer gegebenen Grösse},
  journal = {Monatsberichte der Berliner Akademie},
  year    = {1859},
  pages   = {671--680}
}

@book{Lickorish1997,
  author    = {W. B. R. Lickorish},
  title     = {An Introduction to Knot Theory},
  series    = {Graduate Texts in Mathematics},
  volume    = {175},
  publisher = {Springer},
  year      = {1997}
}

